<record xmlns="http://www.loc.gov/MARC21/slim" xmlns:xsi="http://www.w3.org/2001/XMLSchema-instance" xsi:schemaLocation="http://www.loc.gov/MARC21/slim http://www.loc.gov/standards/marcxml/schema/MARC21slim.xsd"><leader>00037nz   2200037n  4500</leader><controlfield tag="001">DNB|102405670</controlfield><controlfield tag="003">DNB</controlfield><controlfield tag="005">20080405190938.0</controlfield><controlfield tag="008">930416n||aznnnabbn           | aaa    |c</controlfield><datafield ind1=" " ind2=" " tag="035"><subfield code="a">(DE-101)102405670</subfield></datafield><datafield ind1=" " ind2=" " tag="035"><subfield code="a">(DE-588a)102405670</subfield></datafield><datafield ind1=" " ind2=" " tag="040"><subfield code="a">DE-12</subfield><subfield code="b">ger</subfield><subfield code="c">DE-101</subfield><subfield code="e">rakwb</subfield><subfield code="d">9999</subfield></datafield><datafield ind1=" " ind2=" " tag="079"><subfield code="a">p</subfield><subfield code="q">f</subfield><subfield code="q">p</subfield><subfield code="t">12-PAN</subfield></datafield><datafield ind1="0" ind2=" " tag="100"><subfield code="a">Seleucus</subfield><subfield code="c">Lyricus</subfield><subfield code="d">2. Jh. v. Chr.</subfield></datafield><datafield ind1=" " ind2=" " tag="549"><subfield code="w">i</subfield><subfield code="i">Lebensdaten</subfield><subfield code="a">2. Jh. v. Chr.</subfield></datafield><datafield ind1=" " ind2=" " tag="678"><subfield code="a">Coll. Alex. 176: Hilara asmata</subfield></datafield><datafield ind1=" " ind2=" " tag="996"><subfield code="2">BNE|XX900941</subfield></datafield><datafield ind1=" " ind2=" " tag="996"><subfield code="2">NLIlat|000120102</subfield></datafield><datafield ind1=" " ind2=" " tag="996"><subfield code="2">LC|n  87880846</subfield></datafield><datafield ind1=" " ind2=" " tag="996"><subfield code="2">PICA|087553813</subfield></datafield><datafield ind1=" " ind2=" " tag="996"><subfield code="2">BAV|ADV10092015</subfield></datafield><datafield ind1=" " ind2=" " tag="996"><subfield code="2">BAV|ADV10201216</subfield></datafield><datafield ind1=" " ind2=" " tag="997"><subfield code="a">-100 0 flourished</subfield><subfield code="9">1</subfield></datafield></record>